%% This BibTeX bibliography file was created using BibDesk.
%% https://bibdesk.sourceforge.io/

%% Created for Daniel Renschler at 2022-12-06 14:40:30 +0100 


%% Saved with string encoding Unicode (UTF-8) 


%%%%%%%%%%% UNIPOLARMOTOR %%%%%%%%%%%%%%
@article{assis2012ampere,
	author = {Assis, AKT and Chaib, JPMC},
	journal = {American Journal of Physics},
	number = {11},
	pages = {990--995},
	publisher = {American Association of Physics Teachers},
	title = {Amp{\`e}re's motor: Its history and the controversies surrounding its working mechanism},
	volume = {80},
	year = {2012}}

