@book{hesse1927steppenwolf,
  title={Der Steppenwolf},
  author={Hesse, Hermann},
  year={1927},
  publisher={S. Fischer Verlag}
}


@book{nietzsche1883also,
  title={Also sprach Zarathustra},
  author={Nietzsche, Friedrich},
  year={1883},
  publisher={Ernst Schmeitzner}
}


@book{hesse1922siddhartha,
  title={Siddhartha},
  author={Hesse, Hermann},
  year={1922},
  publisher={S. Fischer Verlag}
}


@book{hesse1930narziss,
  title={Narziss und Goldmund},
  author={Hesse, Hermann},
  year={1930},
  publisher={S. Fischer Verlag}
}


@book{nietzsche1886jenseits,
  title={Jenseits von Gut und B{\"o}se},
  author={Nietzsche, Friedrich},
  year={1886},
  publisher={C. G. Naumann}
}
