@article{was-ist-geschehen,
  title={ Was ist geschehen? Worum geht es in dem Konflikt? Welche Konfliktparteien haben welche Interessen?},
  author={Fischer, Christian},
  %journal={GWP--Gesellschaft. Wirtschaft. Politik},
  %volume={64},
  %number={1},
  %pages={33--34},
  %year={2015},
  %publisher={Verlag Barbara Budrich}
}
