@book{hume2000,
  author = {Hume, David},
  title = {An Enquiry Concerning Human Understanding},
  publisher = {Oxford University Press},
  year = {2000},
  edition = {ed. by Peter Millican},
  isbn = {9780198752493}
}

@book{foot1996,
  author = {Foot, Philippa},
  title = {Theories of Ethics},
  publisher = {Routledge},
  year = {1996},
  isbn = {9780415104364}
}

%Ganz falsches Buch
%@book{hawthorne2006,
  author = {Hawthorne, Nathaniel},
  title = {The Scarlet Letter},
  publisher = {Dodo Press},
  year = {2006},
  isbn = {9781406926132}
}

@book{irwin2020,
  author = {Irwin, Terence},
  title = {Ethics Through History: An Introduction},
  publisher = {Oxford University Press},
  year = {2020},
  doi = {10.1093/oso/9780199603701.001.0001},
  url = {https://doi.org/10.1093/oso/9780199603701.001.0001}
}
