
@book{taschen_zaha_hadid,

  title={Zaha Hadid},
  author={Taschen Verlag},
  year={2021},
  publisher={Taschen}
}

@online{hadid_britannica,
  title={Zaha Hadid},
  author={Encyclopedia Britannica},
  year={2021},
  url={https://www.britannica.com/biography/Zaha-Hadid},
  urldate={2023-01-03}
}

@misc{hadid_aquatics_centre,
  title={London Aquatics Centre},
  author={Zaha Hadid Architects},
  year={2012},
  url={https://www.zaha-hadid.com/wp-content/uploads/2019/12/zha_aquaticscentre_huftoncrow_013.jpg},
  urldate={2023-01-03}
}

@misc{hadid_phaeno_image,
  title={Image from Phaeno Science Center website},
  author={Zaha Hadid Architects},
  year={2005},
  url={https://www.zaha-hadid.com/architecture/phaeno-science-centre/},
  urldate={2023-01-03}
}

@misc{hadid_vitra_fire_station,
  title={Image from Vitra Fire Station website},
  author={Zaha Hadid Architects},
  year={1994},
  url={https://www.zaha-hadid.com/architecture/vitra-fire-station-2/},
  urldate={2023-01-03}
}

@online{ZahaHadidAwards,
  author = {Zaha Hadid Architects},
  title = {Awards},
  year = {n.d.},
  url = {https://www.zaha-hadid.com/awards/},
  urldate={2023-01-03}
}

@misc{article_creative_energy_sketches,
  author = {ArchDaily},
  title = {The Creative Energy of Zaha's Sketches},
  url = {https://www.archdaily.com/868315/the-creative-energy-of-zahas-sketches/58de67f0e58ece48a300016b-the-creative-energy-of-zahas-sketches-image},
  urldate = {2023-01-03},
  note = {Accessed on 2023-01-03}
}

@article{KoppJenal2006,
    author = {Seraina Jenal \& Laura Kopps},
    title = {Das Phaeon in Wolfsburg von Zaha Hadid},
    publisher = {ETH Zürich},
    year = {2006},
}

@misc{phaeno2,
  author = {Zaha Hadid Architects},
  title = {Phaeno Science Centre},
  url = {https://www.zaha-hadid.com/architecture/phaeno-science-centre/},
  urldate = {2023-01-03},
  note = {Accessed on 2023-01-03}
}

@misc{Fulcrum,
  author       = {Fulcrum, YSU, Yodie Land State University},
  title        = {Self Densing Concrete},
  year         = 2017,
  url          = {https://www.youtube.com/watch?v=D-suEYfp-cM&t=449s},
  urldate      = {2022-01-02}
}


@misc{gran_theatre_rabat,
  title = {Theatre Rabat},
  url = {https://cdn.redshift.autodesk.com/sites/7/2019/08/theatre_rabat_header-1024x512.jpg},
  urldate = {2023-01-03},
  note = {Accessed on 2023-01-03}
}

@misc{heydar,
  title = {Heydar Aliyev Center},
  url = {https://www.wernersobek.com/wp-content/uploads/resized/2021/07/Heydar-Aliyev-Center-Baku-Copyright-Hufton-Crow-2-1077x471-c-default.jpg},
  urldate = {2023-01-03},
  note = {Accessed on 2023-01-03}
}

%%%%%%%% ARNOS Densing
@misc{astrokramkiste,
  author = "astrokramkiste",
  title = "{Kepler}",
  howpublished = "\url{https://astrokramkiste.de/kepler}",
  note = "[Accessed on 23.12.2022]"
}

@misc{bergner_studyflix,
  author = "Benedikt Bergner",
  title = "{Keplersche Gesetze}",
  year = "2022",
  url = "https://studyflix.de/ingenieurwissenschaften/keplersche-gesetze-2267",
  note = "[Accessed on 20.12.2022]"
}

@book{demtroeder_experimentalphysik,
  author = "Wolfgang Demtr{\"o}der",
  title = "{Experimentalphysik 1}",
  year = "2015",
  publisher = "Springer",
  address = "Berlin",
  pages = "62ff"
}

@misc{eisenhut_lernortmint,
  author = "Dr. Christian Eisenhut",
  title = "{Das 1. Keplersche Planetengesetz}",
  year = "2022",
  url = "https://www.lernort-mint.de/physik/astronomie/das-1-keplersche-planetengesetz/",
  note = "[Accessed on 20.12.2022]"
}

@misc{maths2mind,
  title = "{Maths2Mind}",
  year = "2022",
  url = "https://www.maths2mind.com/",
  note = "[Accessed on 19.12.2022]"
}

@book{meschede_gerthsenphysik,
  author = "Dieter Meschede",
  title = "{Gerthsen Physik}",
  year = "2010",
  publisher = "Springer",
  address = "Heidelberg"
}

@misc{schug_br24,
  author = "Anne-Lene Schug",
  title = "{450. Geburtstag: Wie Johannes Kepler die Astronomie prägt}",
  year = "2021",
  url = "https://www.br.de/nachrichten/wissen/450-geburtstag-wie-johannes-kepler-die-astronomie-praegt,SsKYSzE",
  note = "[Accessed on 22.12.2022]"
}

@misc{stiftung_leifiphysik,
  author = "Joachim Herz Stiftung",
  title = "{Erstes Keplersches Gesetz}",
  year = "2022",
  url = "https://www.leifiphysik.de/astronomie/planetensystem/grundwissen/erstes-keplersches-gesetz",
  note = "[Accessed on 20.12.2022]"
}

@misc{stumpe_rainerstumpe,
  author = "Rainer Stumpe",
  title = "{Ellipse}",
  year = "2020",
  url = "https://www.rainerstumpe.de/HTML/body_ellipse.html",
  note = "[Accessed on 22.12.2022]"
}

